@article{TCS-042,
url = {http://dx.doi.org/10.1561/0400000042},
year = {2014},
volume = {9},
journal = {Foundations and Trends in Theoretical Computer Science},
title = {The Algorithmic Foundations of Differential Privacy},
doi = {10.1561/0400000042},
issn = {1551-305X},
number = {3â€“4},
pages = {211-407},
author = {Cynthia Dwork and Aaron Roth}
}

@inproceedings{Hay:2016:PED:2882903.2882931,
 author = {Hay, Michael and Machanavajjhala, Ashwin and Miklau, Gerome and Chen, Yan and Zhang, Dan},
 title = {Principled Evaluation of Differentially Private Algorithms Using {DPBench}},
 booktitle = {Proceedings of the 2016 International Conference on Management of Data},
 series = {SIGMOD '16},
 year = {2016},
 isbn = {978-1-4503-3531-7},
 location = {San Francisco, California, USA},
 pages = {139--154},
 numpages = {16},
 url = {http://doi.acm.org/10.1145/2882903.2882931},
 doi = {10.1145/2882903.2882931},
 acmid = {2882931},
 publisher = {ACM},
 address = {New York, NY, USA},
 keywords = {algorithm evaluation, differential privacy, privacy},
}

@article{DBLP:journals/corr/abs-1012-4763,
  author    = {Moritz Hardt and
               Katrina Ligett and
               Frank McSherry},
  title     = {A simple and practical algorithm for differentially private data release},
  journal   = {CoRR},
  volume    = {abs/1012.4763},
  year      = {2010},
  url       = {http://arxiv.org/abs/1012.4763},
  timestamp = {Wed, 10 Oct 2012 21:28:41 +0200},
  biburl    = {http://dblp.uni-trier.de/rec/bib/journals/corr/abs-1012-4763},
  bibsource = {dblp computer science bibliography, http://dblp.org}
}

@Misc{COIN-OR-CBC,
author =   {John Forrest},
title =    {{COIN-OR} Branch and Cut Library},
howpublished = {\url{https://projects.coin-or.org/svn/Cbc/releases/2.9.8}},
year = {2013--2016}
}

@Misc{CyLP,
author =   {{Ted et al.} Ralphs},
title =    {{CyLP}: A Python interface to {CLP}, {CBC}, and {CGL} to solve {LPs} and {MIPs}.},
howpublished = {\url{https://github.com/coin-or/CyLP}},
year = {2015}
}

@misc{Arias2015,
  author = {Arias, E.J.G.},
  title = {DualQuery: Practical Private Query Release Algorithm},
  year = {2014},
  publisher = {GitHub},
  journal = {GitHub repository},
  howpublished = {\url{https://github.com/ejgallego/dualquery}}
}

@article{DBLP:journals-corr-GaboardiAHRW14,
  author    = {Marco Gaboardi and
               Emilio Jes{\'{u}}s Gallego Arias and
               Justin Hsu and
               Aaron Roth and
               Zhiwei Steven Wu},
  title     = {Dual Query: Practical Private Query Release for High Dimensional Data},
  journal   = {CoRR},
  volume    = {abs/1402.1526},
  year      = {2014},
  url       = {http://arxiv.org/abs/1402.1526},
  timestamp = {Wed, 05 Mar 2014 14:43:44 +0100},
  biburl    = {http://dblp.uni-trier.de/rec/bib/journals/corr/GaboardiAHRW14},
  bibsource = {dblp computer science bibliography, http://dblp.org}
}

@inproceedings{on-significance-of-the-least-significant-bits-for-differential-privacy,
author = {Ilya Mironov},
title = {On Significance of the Least Significant Bits For Differential Privacy},
year = {2012},
month = {October},
publisher = {ACM},
url = {https://www.microsoft.com/en-us/research/publication/on-significance-of-the-least-significant-bits-for-differential-privacy/},
address = {}
}